@MastersThesis{tuomo,
author = {Tuomo Raitio},
title = {Hidden Markov Model Based Finnish Text-to-Speech System Utilizing Glottal Inverse Filtering},
school = {Helsinki University of Technology},
year = {2008}
}

@MastersThesis{manu,
author = {Manu Airaksinen},
title = {Analysis/Synthesis Comparison of Vocoders Utilized in Statistical Parametric Speech Synthesis},
school = {Aalto University School of Electrical Engineering},
year = {2012}
}

@Book{introhmmbased,
author = {Junichi Yamagishi},
editor = {},
title = {An Introduction to
HMM-Based Speech Synthesis},
publisher = {},
year = {2006},
}


@MastersThesis{emospeech,
author = {Gregor O. Hofer},
title = {Emotional Speech Synthesis},
school = {University of Edinburgh School of Informatics},
year = {2004}
}

@inproceedings{robustcmllr,
  added-at = {2011-07-14T00:00:00.000+0200},
  author = {Povey, Daniel and Yao, Kaisheng},
  booktitle = {ICASSP},
  crossref = {conf/icassp/2011},
  ee = {http://dx.doi.org/10.1109/ICASSP.2011.5947344},
  interhash = {8e7fcc5f1a0e577d91cbb4a883e5e874},
  intrahash = {1e1271ba317fef8a348bf15e6afe1c80},
  isbn = {978-1-4577-0539-7},
  keywords = {dblp},
  pages = {4460-4463},
  publisher = {IEEE},
  timestamp = {2011-07-14T00:00:00.000+0200},
  title = {A basis method for robust estimation of constrained MLLR.},
  url = {http://dblp.uni-trier.de/db/conf/icassp/icassp2011.html#PoveyY11},
  year = 2011
}

@MISC{Tokuda02anhmm-based,
    author = {Keiichi Tokuda and Heiga Zen and Alan W. Black},
    title = {An HMM-Based Speech Synthesis System Applied To English},
    year = {2002}
}

@article{Nose:2013:ISC:2405847.2406041,
 author = {Nose, Takashi and Kobayashi, Takao},
 title = {An Intuitive Style Control Technique in HMM-based Expressive Speech Synthesis Using Subjective Style Intensity and Multiple-regression Global Variance Model},
 journal = {Speech Commun.},
 issue_date = {February, 2013},
 volume = {55},
 number = {2},
 month = feb,
 year = {2013},
 issn = {0167-6393},
 pages = {347--357},
 numpages = {11},
 url = {http://dx.doi.org/10.1016/j.specom.2012.09.003},
 doi = {10.1016/j.specom.2012.09.003},
 acmid = {2406041},
 publisher = {Elsevier Science Publishers B. V.},
 address = {Amsterdam, The Netherlands, The Netherlands},
 keywords = {HMM-based expressive speech synthesis, Multiple-regression HSMM, Multiple-regression global variance model, Style control, Style intensity}
} 

@inproceedings{avss-icassp07,
  author = {Yamagishi, J. and Kobayashi, T. and Tachibana, M. and Ogata, K. and Nakano, Y.},
  booktitle = {Proc. ICASSP},
  year = {2007},
  pages = {1233--1236},
  title = {Model adaptation approach to speech synthesis with diverse voices and styles}
}

@article{Gales:2007:AHM:1373536.1373537,
 author = {Gales, Mark and Young, Steve},
 title = {The Application of Hidden Markov Models in Speech Recognition},
 journal = {Found. Trends Signal Process.},
 issue_date = {January 2008},
 volume = {1},
 number = {3},
 month = jan,
 year = {2007},
 issn = {1932-8346},
 pages = {195--304},
 numpages = {110},
 url = {http://dx.doi.org/10.1561/2000000004},
 doi = {10.1561/2000000004},
 acmid = {1373537},
 publisher = {Now Publishers Inc.},
 address = {Hanover, MA, USA}
} 

@MISC{Lorenzo-trueba_simple4allproposals,
    author = {Jaime Lorenzo-trueba and Oliver Watts and Roberto Barra-chicote and Simon King and Juan M. Montero},
    title = {Simple4All proposals for the Albayzin Evaluations in Speech Synthesis},
    year = {}
}

@inproceedings{conf/icassp/TachibanaINK08,
  added-at = {2010-02-10T00:00:00.000+0100},
  author = {Tachibana, Makoto and Izawa, Shinsuke and Nose, Takashi and Kobayashi, Tetsunori},
  biburl = {http://www.bibsonomy.org/bibtex/2e9c30df882755428d72f8aed57d6000d/dblp},
  booktitle = {ICASSP},
  crossref = {conf/icassp/2008},
  date = {2010-02-10},
  description = {dblp},
  ee = {http://dx.doi.org/10.1109/ICASSP.2008.4518689},
  interhash = {39d193565aba8f2d5523133a1d9af190},
  intrahash = {e9c30df882755428d72f8aed57d6000d},
  isbn = {1-4244-1484-9},
  keywords = {dblp},
  pages = {4633-4636},
  publisher = {IEEE},
  timestamp = {2010-02-10T00:00:00.000+0100},
  title = {Speaker and style adaptation using average voice model for style control in HMM-based speech synthesis.},
  url = {http://dblp.uni-trier.de/db/conf/icassp/icassp2008.html#TachibanaINK08},
  year = 2008
}

@inproceedings{conf/icassp/KanagawaNK13,
  added-at = {2013-11-02T00:00:00.000+0100},
  author = {Kanagawa, Hiroki and Nose, Takashi and Kobayashi, Takao},
  booktitle = {ICASSP},
  crossref = {conf/icassp/2013},
  ee = {http://dx.doi.org/10.1109/ICASSP.2013.6639195},
  interhash = {81d2c53722384f434906bc824a027eb5},
  intrahash = {1541679b699038f99b37e58cab01132e},
  keywords = {dblp},
  pages = {7864-7868},
  publisher = {IEEE},
  timestamp = {2013-11-02T00:00:00.000+0100},
  title = {Speaker-independent style conversion for HMM-based expressive speech synthesis.},
  url = {http://dblp.uni-trier.de/db/conf/icassp/icassp2013.html#KanagawaNK13},
  year = 2013
}

@inproceedings{conf/interspeech/MasukoKM04,
  added-at = {2011-03-15T00:00:00.000+0100},
  author = {Masuko, Takashi and Kobayashi, Takao and Miyanaga, Keisuke},
  booktitle = {INTERSPEECH},
  crossref = {conf/interspeech/2004},
  ee = {http://www.isca-speech.org/archive/interspeech_2004/i04_1437.html},
  interhash = {cf8e50308d0129b46610940300ae14d2},
  intrahash = {295b647a2bad55777b3ae75cc1f8bfe3},
  keywords = {dblp},
  publisher = {ISCA},
  timestamp = {2011-03-15T00:00:00.000+0100},
  title = {A style control technique for HMM-based speech synthesis.},
  url = {http://dblp.uni-trier.de/db/conf/interspeech/interspeech2004.html#MasukoKM04},
  year = 2004
}

@article{analysis-hts-adaptation-junichi,
  author = {Yamagishi, Junichi and Kobayashi, Takao and Nakano, Yuji and Ogata, Katsumi and Isogai, Juri},
  title = {Analysis of Speaker Adaptation Algorihms for {HMM}-based Speech Synthesis and a Constrained {SMAPLR} Adaptation Algorithm},
  journal = {IEEE Transactions on Audio, Speech and Language Processing},
  note = {In print},
  key = {analysis-hts-adaptation-junichi},
  year = {2008},
  abstract = {},
  categories = {speech synthesis, HMM-based speech synthesis, HTS, speaker adaptation, voice conversion, average voice}
}

@inproceedings{Lorenzo-Trueba2013,
title = {Towards Speaking Style Transplantation in Speech Synthesis},
author = {J. Lorenzo-Trueba and R. Barra-Chicote and J. Yamagishi and O. Watts and J. M. Montero},
url = {http://www-gth.die.upm.es/research/documentation/AG-134Tow-13.pdf},
year = {2013},
date = {2013-09-01},
booktitle = {Proc. 8th ISCA Speech Synthesis Workshop},
abstract = {Towards Speaking Style Transplantation in Speech Synthesis},
keywords = {Adaptation, expressive speech synthesis, speaking styles, transplantation}
}

@Book{flanagan,
author = {J. L. Flanagan},
editor = {},
title = {Speech Analysis, Synthesis and Perception},
publisher = {},
year = {1972},
edition = {second}
}

@Misc{history-images,
key = {},
author = {Macquarie University},
title = {A Brief Historical Introduction to Speech Synthesis: A Macquarie Perspective},
howpublished = {},
url = {http://clas.mq.edu.au/speech/synthesis/history_synthesis/},
note = {last accesed 11-03-2014},
annote = {}
}

@book{darwin,
title = {The expression of the emotions in man and animals},
url = {http://www.biodiversitylibrary.org/item/24064},
publisher = {New York D. Appleton and Co.},
author = {Charles Darwin},
year = {1897},
pages = {406}
}

@Misc{trabajo-emo,
author = {Aarón Blanco, Andoni Carracero},
title = {Inteligencia Emocional},
url = {http://dspace.universia.net/bitstream/2024/195/1/Trabajo+imprimible.pdf}
}

@book{goleman2006emotional,
  title={Emotional Intelligence},
  author={Goleman, D.},
  isbn={9780553804911},
  lccn={61770783},
  series={A Bantam book},
  url={http://books.google.fi/books?id=TQQlAQAAIAAJ},
  year={2006},
  publisher={Bantam Books}
}
%libro Barra pero no se si es el libro o el articulo
@Article{hmmasr,
author = {Mark Gales and Steve Young},
title = {The Application of Hidden Markov Models in Speech Recognition},
journal = {Foundations and Trends® in Signal Processing},
year = {2008},
volume = {1},
number = {3},
pages = {195-304}
}

@inproceedings{yoshimura1998duration,
  title={Duration modeling for HMM-based speech synthesis.},
  author={Yoshimura, Takayoshi and Tokuda, Keiichi and Masuko, Takashi and Kobayashi, Takao and Kitamura, Tadashi},
  booktitle={ICSLP},
  volume={98},
  pages={29--31},
  year={1998}
}